<record><leader>00000cas a22000007a 4500</leader><controlfield tag="001">12937289</controlfield><controlfield tag="008">851220d18761885gaucr ne      0    0eng d</controlfield><datafield ind1=" " ind2=" " tag="010"><subfield code="a">sn 85027058 </subfield></datafield><datafield ind1=" " ind2=" " tag="040"><subfield code="a">NPX</subfield><subfield code="b">eng</subfield><subfield code="c">NPX</subfield><subfield code="d">NLG</subfield><subfield code="d">GUA</subfield><subfield code="d">OCLCQ</subfield><subfield code="d">OCLCF</subfield><subfield code="d">OCLCO</subfield></datafield><datafield ind1="1" ind2=" " tag="029"><subfield code="a">AU@</subfield><subfield code="b">000025832542</subfield></datafield><datafield ind1=" " ind2=" " tag="042"><subfield code="a">msc</subfield></datafield><datafield ind1=" " ind2=" " tag="043"><subfield code="a">n-us-ga</subfield></datafield><datafield ind1="0" ind2=" " tag="130"><subfield code="a">Hamilton journal (Hamilton, Ga. : 1876)</subfield></datafield><datafield ind1="1" ind2="0" tag="245"><subfield code="a">Hamilton journal.</subfield></datafield><datafield ind1="3" ind2="0" tag="246"><subfield code="a">Hamilton visitor, the Hamilton journal</subfield></datafield><datafield ind1=" " ind2=" " tag="260"><subfield code="a">Hamilton, Harris Co., Ga. :</subfield><subfield code="b">La Hatte &amp; Granberry,</subfield><subfield code="c">-1885.</subfield></datafield><datafield ind1=" " ind2=" " tag="300"><subfield code="a">v.</subfield></datafield><datafield ind1=" " ind2=" " tag="310"><subfield code="a">Semiweekly,</subfield><subfield code="b">Oct. 16-Nov. 17, 1885</subfield></datafield><datafield ind1=" " ind2=" " tag="321"><subfield code="a">Weekly,</subfield><subfield code="b">&lt;Feb. 9, 1876&gt;-Oct. 13, 1885</subfield></datafield><datafield ind1="1" ind2=" " tag="362"><subfield code="a">Began in 1876?</subfield></datafield><datafield ind1="0" ind2=" " tag="362"><subfield code="a">-v. 13, no. 51 (Nov. 17, 1885).</subfield></datafield><datafield ind1=" " ind2=" " tag="500"><subfield code="a">Published as: Hamilton visitor, the Hamilton journal, &lt;Mar. 7-May 14, 1879&gt;.</subfield></datafield><datafield ind1=" " ind2=" " tag="530"><subfield code="a">Also on microfilm: Athens, Ga. : University of Georgia Libraries.</subfield></datafield><datafield ind1=" " ind2=" " tag="588"><subfield code="a">Description based on: Vol. 4, no. 5 (Feb. 9, 1876).</subfield></datafield><datafield ind1=" " ind2="0" tag="651"><subfield code="a">Harris County (Ga.)</subfield><subfield code="v">Newspapers.</subfield></datafield><datafield ind1=" " ind2="7" tag="655"><subfield code="a">Newspapers.</subfield><subfield code="2">fast</subfield><subfield code="0">(OCoLC)fst01423814</subfield></datafield><datafield ind1=" " ind2="7" tag="651"><subfield code="a">Georgia</subfield><subfield code="z">Harris County.</subfield><subfield code="2">fast</subfield><subfield code="0">(OCoLC)fst01204841</subfield></datafield><datafield ind1=" " ind2=" " tag="752"><subfield code="a">United States</subfield><subfield code="b">Georgia</subfield><subfield code="c">Harris</subfield><subfield code="d">Hamilton.</subfield></datafield><datafield ind1="0" ind2="0" tag="780"><subfield code="t">Hamilton visitor</subfield><subfield code="w">(DLC)sn 89053104</subfield><subfield code="w">(OCoLC)19135747</subfield></datafield><datafield ind1="0" ind2="0" tag="785"><subfield code="t">Hamilton journal, published semi-weekly</subfield><subfield code="w">(DLC)sn 89053105</subfield><subfield code="w">(OCoLC)19135880</subfield></datafield></record>